<?xml version="1.0" encoding="UTF-8"?>
<record xmlns="http://www.loc.gov/MARC21/slim">
  <leader>00875cam a2200217Ia 4500</leader>
  <controlfield tag="001">789303</controlfield>
  <controlfield tag="005">20020509163500.0</controlfield>
  <controlfield tag="008">      n        dcu           000 0 eng  </controlfield>
  <datafield tag="035" ind1=" " ind2=" ">
    <subfield code="a">spe92035026</subfield>
  </datafield>
  <datafield tag="035" ind1=" " ind2=" ">
    <subfield code="z">spe92035026</subfield>
  </datafield>
  <datafield tag="090" ind1=" " ind2=" ">
    <subfield code="a">res.5572.26</subfield>
  </datafield>
  <datafield tag="100" ind1="1" ind2=" ">
    <subfield code="a">Brooks, Jehiel.</subfield>
  </datafield>
  <datafield tag="245" ind1="1" ind2="2">
    <subfield code="a">Fugitive slave laws: :</subfield>
    <subfield code="b">a compilation of the Laws of the United States in relation to fugitives from labor ...</subfield>
  </datafield>
  <datafield tag="246" ind1="3" ind2="0">
    <subfield code="a">Compilation of the Laws of the United States in relation to fugitives from labor </subfield>
  </datafield>
  <datafield tag="260" ind1=" " ind2=" ">
    <subfield code="a">Washington: :</subfield>
    <subfield code="b">Taylor &amp; Maury,</subfield>
    <subfield code="c">1860.</subfield>
    <subfield code="f">(Henry Polkinhorn, Printer).</subfield>
  </datafield>
  <datafield tag="300" ind1=" " ind2=" ">
    <subfield code="a">32 p. ;</subfield>
    <subfield code="c">24 cm.</subfield>
  </datafield>
  <datafield tag="500" ind1=" " ind2=" ">
    <subfield code="a">P. 28 erronously numbered 8.</subfield>
  </datafield>
  <datafield tag="500" ind1=" " ind2=" ">
    <subfield code="a">Reference: Sabin, vol. 2, p.520, no.8237; Sabin, vol.4, p.328, no.15047.</subfield>
  </datafield>
  <datafield tag="590" ind1=" " ind2=" ">
    <subfield code="a">Boston Public Library (Rare Books Department) copy: original wrapper preserved.</subfield>
  </datafield>
  <datafield tag="650" ind1=" " ind2="0">
    <subfield code="a">Fugitive slave law.</subfield>
  </datafield>
  <datafield tag="962" ind1=" " ind2=" ">
    <subfield code="a">ABR-3932</subfield>
  </datafield>
</record>
